@misc{Index1:online,
title = {Index Introduction â€” MongoDB Manual 3.0.2},
howpublished = {\url{http://docs.mongodb.org/manual/core/indexes-introduction/}},
year = {2015},
note = {(Visited on 2015-05-12)}
}

@article{codd1970relational,
  title={A relational model of data for large shared data banks},
  author={Codd, Edgar F},
  journal={Communications of the ACM},
  volume={13},
  number={6},
  pages={377--387},
  year={1970},
  publisher={ACM}
}

@article{padhy2011rdbms,
  title={Rdbms to nosql: reviewing some next-generation non-relational databases},
  author={Padhy, Rabi Prasad and Patra, Manas Ranjan and Satapathy, Suresh Chandra},
  journal={International Journal of Advanced Engineering Science and Technologies},
  volume={11},
  number={1},
  pages={15--30},
  year={2011}
}

@inproceedings{indrawan2012database,
  title={Database research: Are we at a crossroad? reflection on NoSQL},
  author={Indrawan-Santiago, Maria},
  booktitle={Network-Based Information Systems (NBiS), 2012 15th International Conference on},
  pages={45--51},
  year={2012},
  organization={IEEE}
}

@article{leavitt2010will,
  title={Will NoSQL databases live up to their promise?},
  author={Leavitt, Neal},
  journal={Computer},
  volume={43},
  number={2},
  pages={12--14},
  year={2010},
  publisher={IEEE}
}

@inproceedings{darby2003development,
  title={The development of an instrumented wagon for continuously monitoring track condition},
  author={Darby, M and Alvarez, E and McLeod, J and Tew, G and Crew, G},
  booktitle={AusRAIL PLUS 2003, 17-19 November 2003, Sydney, NSW, Australia},
  year={2003}
}

@inproceedings{darby2005track,
  title={Track condition monitoring: the next generation},
  author={Darby, Michael and Alvarez, Eugenio and McLeod, John and Tew, Graham and Crew, Gregory and others},
  booktitle={Proceedings of 9th International Heavy Haul Association Conference},
  volume={1},
  pages={1--1},
  year={2005}
}


@inproceedings{thomas2012taking,
  title={Taking the guesswork out of speed restriction},
  author={Thomas, Simon and Hardie, Glenn and Thompson, Cameron},
  booktitle={CORE 2012: Global Perspectives; Conference on railway engineering, 10-12 September 2012, Brisbane, Australia},
  pages={707},
  year={2012},
  organization={Engineers Australia}
}